% Encoding: UTF-8

@Article{Bayer2011,
  author    = {Bayer, Otmar and Kr{\"{u}}ger, Helia and {Von Kries}, R{\"{u}}diger and Toschke, Andr{\'{e}} M.},
  journal   = {Obesity},
  title     = {Factors Associated With Tracking of {BMI}: A Meta-Regression Analysis on {BMI} Tracking},
  year      = {2011},
  month     = may,
  number    = {5},
  pages     = {1069--1076},
  volume    = {19},
  doi       = {10.1038/oby.2010.250},
  publisher = {Nature Publishing Group},
}

@Article{Biehl2013,
  author  = {Biehl, Anna and Hovengen, Ragnhild and Meyer, Haakon E. and Hjelmes{\ae}th, J{\o}ran and Meisfjord, J{\o}rgen and Gr{\o}holt, Else-Karin and Roelants, Mathieu and Strand, Bj{\o}rn Heine},
  journal = {BMC Public Health},
  title   = {Impact of instrument error on the estimated prevalence of overweight and obesity in population-based surveys},
  year    = {2013},
  month   = dec,
  number  = {1},
  pages   = {1--6},
  volume  = {13},
  doi     = {10.1186/1471-2458-13-146},
}

@Misc{Bogaardt2023,
  author       = {Bogaardt, L. and Van Giessen, A. and Picavet, H. S. J. and Boshuizen, H. C.},
  howpublished = {\url{https://github.com/rivm-syso/A-Model-of-Individual-BMI-Trajectories}},
  title        = {A Model of Individual {BMI} Trajectories},
  year         = {2023},
  commit       = {4f57d6a0e4c030202a07a60bc1bb1ed1544bf679},
  publisher    = {GitHub},
}

@Misc{CBS2021,
  author       = {CBS and RIVM},
  howpublished = {\url{https://www.rivm.nl/leefstijlmonitor}},
  title        = {{Gezondheidsenqu{\^{e}}te/Leefstijlmonitor}},
  year         = {2021},
}

@Article{Chiolero2008,
  author  = {Chiolero, Arnaud and Faeh, David and Paccaud, Fred and Cornuz, Jacques},
  journal = {Am. J. Clin. Nutr.},
  title   = {Consequences of smoking for body weight, body fat distribution, and insulin resistance},
  year    = {2008},
  month   = {apr},
  number  = {4},
  pages   = {801--809},
  volume  = {87},
  doi     = {10.1093/ajcn/87.4.801},
}

@Article{Dai2020,
  author  = {Dai, Haijiang and Alsalhe, Tariq A. and Chalghaf, Nasr and Ricc{\`{o}}, Matteo and Bragazzi, Nicola Luigi and Wu, Jianhong},
  journal = {PLOS Med.},
  title   = {The global burden of disease attributable to high body mass index in 195 countries and territories, 1990â€“2017: An analysis of the Global Burden of Disease Study},
  year    = {2020},
  month   = {jul},
  number  = {7},
  pages   = {1--19},
  volume  = {17},
  doi     = {10.1371/journal.pmed.1003198},
}

@Article{Diggle1988,
  author  = {Diggle, P. J.},
  journal = {Biometrics},
  title   = {An Approach to the Analysis of Repeated Measurements},
  year    = {1988},
  month   = dec,
  number  = {4},
  pages   = {959--971},
  volume  = {44},
  doi     = {10.2307/2531727},
}

@Book{Diggle1994,
  author    = {Diggle, P. J. and Heagerty, P. and Liang, K. Y. and Zeger, S. L.},
  publisher = {Oxford University Press},
  title     = {Analysis of Longitudinal Data},
  year      = {1994},
  isbn      = {9780191664335},
  series    = {Oxford Statistical Science Series},
}

@Manual{gifski2022,
  title  = {gifski: Highest Quality GIF Encoder},
  author = {Jeroen Ooms},
  note   = {R package version 1.6.6-1},
  year   = {2022},
  url    = {https://CRAN.R-project.org/package=gifski},
}
  
@Manual{gganimate2020,
  title  = {gganimate: A Grammar of Animated Graphics},
  author = {Thomas Lin Pedersen and David Robinson},
  note   = {R package version 1.0.7},
  year   = {2020},
  url    = {https://CRAN.R-project.org/package=gganimate},
}

@Manual{ggbreak2021,
  title  = {ggbreak: Set Axis Break for 'ggplot2'},
  author = {Guangchuang Yu and Shuangbin Xu},
  note   = {R package version 0.0.6},
  year   = {2021},
  url    = {https://CRAN.R-project.org/package=ggbreak},
}

@Misc{GGD2012,
  author       = {{GGD'en} and CBS and RIVM},
  howpublished = {\url{https://www.monitorgezondheid.nl/}},
  title        = {Gezondheidsmonitor Volwassenen 2012},
  year         = {2012},
}

@Manual{ggforce,
  title  = {ggforce: Accelerating 'ggplot2'},
  author = {Thomas Lin Pedersen},
  note   = {R package version 0.3.3},
  year   = {2021},
  url    = {https://CRAN.R-project.org/package=ggforce},
}

@Book{ggplot2,
  author    = {Hadley Wickham},
  publisher = {Springer-Verlag New York},
  title     = {ggplot2: Elegant Graphics for Data Analysis},
  year      = {2016},
  url       = {https://ggplot2.tidyverse.org},
}

@Article{Goode2007,
  author  = {Goode, Ellen L. and Cherny, Stacey S. and Christian, Joe C. and Jarvik, Gail P. and De Andrade, Mariza},
  journal = {Twin Res. Hum. Genet.},
  title   = {Heritability of Longitudinal Measures of Body Mass Index and Lipid and Lipoprotein Levels in Aging Twins},
  year    = {2007},
  month   = oct,
  number  = {5},
  pages   = {703--711},
  volume  = {10},
  doi     = {10.1375/twin.10.5.703},
}

@Manual{haven,
  title  = {haven: Import and Export 'SPSS', 'Stata' and 'SAS' Files},
  author = {Hadley Wickham and Evan Miller},
  note   = {R package version 2.4.3},
  year   = {2021},
  url    = {https://CRAN.R-project.org/package=haven},
}

@Article{Hendriksen2015,
  author  = {Hendriksen, Marieke A. H. and Van Raaij, Joop M. A. and Geleijnse, Johanna M. and Breda, Joao and Boshuizen, Hendriek C.},
  journal = {PLOS One},
  title   = {Health Gain by Salt Reduction in {Europe}: A Modelling Study},
  year    = {2015},
  month   = mar,
  number  = {3},
  pages   = {1--12},
  volume  = {10},
  doi     = {10.1371/journal.pone.0118873},
}

@Article{Herle2020,
  author    = {Herle, Moritz and Micali, Nadia and Abdulkadir, Mohamed and Loos, Ruth and Bryant-Waugh, Rachel and H{\"{u}}bel, Christopher and Bulik, Cynthia M. and {De Stavola}, Bianca L.},
  journal   = {Eur. J. Epidemiol.},
  title     = {Identifying typical trajectories in longitudinal data: modelling strategies and interpretations},
  year      = {2020},
  month     = mar,
  number    = {3},
  pages     = {205--222},
  volume    = {35},
  doi       = {10.1007/s10654-020-00615-6},
  publisher = {Springer Netherlands},
}

@TechReport{Hoogenveen2000,
  author      = {Hoogenveen, R. T.},
  institution = {RIVM},
  title       = {Ageing and mortality},
  year        = {2000},
  month       = apr,
}

@Article{Jones2009,
  author  = {Jones, M. C. and Pewsey, Arthur},
  journal = {Biometrika},
  title   = {Sinh-arcsinh distributions},
  year    = {2009},
  month   = dec,
  number  = {4},
  pages   = {761--780},
  volume  = {96},
  doi     = {10.1093/biomet/asp053},
}

@Article{Jones2019,
  author  = {Jones, M. C. and Pewsey, Arthur},
  journal = {Significance},
  title   = {The sinh-arcsinh normal distribution},
  year    = {2019},
  month   = apr,
  number  = {2},
  pages   = {6--7},
  volume  = {16},
  doi     = {10.1111/j.1740-9713.2019.01245.x},
}

@Article{Juhola2011,
  author  = {Juhola, Jonna and Magnussen, Costan G. and Viikari, Jorma S. A. and K{\"{a}}h{\"{o}}nen, Mika and Hutri-K{\"{a}}h{\"{o}}nen, Nina and Jula, Antti and Lehtim{\"{a}}ki, Terho and {\AA}kerblom, Hans K. and Pietik{\"{a}}inen, Matti and Laitinen, Tomi and Jokinen, Eero and Taittonen, Leena and Raitakari, Olli T. and Juonala, Markus},
  journal = {J. Pediatr.},
  title   = {Tracking of Serum Lipid Levels, Blood Pressure, and Body Mass Index from Childhood to Adulthood: The Cardiovascular Risk in Young {Finns} Study},
  year    = {2011},
  month   = oct,
  number  = {4},
  pages   = {584--590},
  volume  = {159},
  doi     = {10.1016/j.jpeds.2011.03.021},
}

@Article{Levy2011,
  author  = {Levy, D. T. and Mabry, P. L. and Wang, Y. C. and Gortmaker, S. and Huang, T. T. K. and Marsh, T. and Moodie, M. and Swinburn, B.},
  journal = {Obes. Rev.},
  title   = {Simulation models of obesity: a review of the literature and implications for research and policy},
  year    = {2011},
  month   = may,
  number  = {5},
  pages   = {378--394},
  volume  = {12},
  doi     = {10.1111/j.1467-789X.2010.00804.x},
}

@Article{Lopez-Valenciano2020,
  author  = {L{\'{o}}pez-Valenciano, A. and Mayo, X. and Liguori, G. and Copeland, R. J. and Lamb, M. and Jimenez, A.},
  journal = {BMC Public Health},
  title   = {Changes in sedentary behaviour in {European Union} adults between 2002 and 2017},
  year    = {2020},
  month   = dec,
  number  = {1},
  pages   = {1--10},
  volume  = {20},
  doi     = {10.1186/s12889-020-09293-1},
}

@Article{Majer2013,
  author  = {Majer, Istvan M. and Mackenbach, Johan P. and Van Baal, Pieter H. M.},
  journal = {Stat. Med.},
  title   = {Time trends and forecasts of body mass index from repeated cross-sectional data: a different approach},
  year    = {2013},
  month   = {apr},
  number  = {9},
  pages   = {1561--1571},
  volume  = {32},
  doi     = {10.1002/sim.5558},
}

@Article{Martinez-Gonzalez1999,
  author  = {Mart{\'{i}}nez-Gonz{\'{a}}lez, M. A. and Mart{\'{i}}nez, J. A. and Hu, F. B. and Gibney, M. J. and Kearney, J.},
  journal = {Int. J. Obesity},
  title   = {Physical inactivity, sedentary lifestyle and obesity in the {European Union}},
  year    = {1999},
  number  = {11},
  pages   = {1192--1201},
  volume  = {23},
  doi     = {10.1038/sj.ijo.0801049},
}

@Article{Mathias2003,
  author  = {Mathias, Rasika A. and Roy-Gagnon, Marie H{\'{e}}l{\`{e}}ne and Justice, Cristina M. and Papanicolaou, George J. and Fan, Y. T. and Pugh, Elizabeth W. and Wilson, Alexander F. and {Framingham Heart Study}},
  journal = {BMC Genetics},
  title   = {Comparison of year-of-exam- and age-matched estimates of heritability in the Framingham Heart Study data},
  year    = {2003},
  pages   = {1--4},
  volume  = {4},
  doi     = {10.1186/1471-2156-4-s1-s36},
}

@TechReport{McPherson2007,
  author    = {McPherson, Klim and Marsh, Tim and Brown, Martin},
  title     = {Tackling Obesities: Future Choices - Modelling Future Trends in Obesity and the Impact on Health},
  year      = {2007},
  pages     = {76},
  publisher = {Government Office for Science},
}

@Manual{mnormt2022,
  title  = {The {R} package {mnormt}: The multivariate normal and {t} distributions},
  author = {Adelchi Azzalini and Alan Genz},
  year   = {2022},
  url    = {http://azzalini.stat.unipd.it/SW/Pkg-mnormt/},
}

@Article{Murray2020,
  author  = {{GBD 2019 Risk Factors Collaborators}},
  journal = {Lancet},
  title   = {Global burden of 87 risk factors in 204 countries and territories, 1990â€“2019: a systematic analysis for the Global Burden of Disease Study 2019},
  year    = {2020},
  number  = {10258},
  pages   = {1223--1249},
  volume  = {396},
  doi     = {10.1016/S0140-6736(20)30752-2},
}

@Manual{nlme2021,
  title  = {{nlme}: Linear and Nonlinear Mixed Effects Models},
  author = {Jose Pinheiro and Douglas Bates and Saikat DebRoy and Deepayan Sarkar and {R Core Team}},
  note   = {R package version 3.1-152},
  year   = {2021},
  url    = {https://CRAN.R-project.org/package=nlme},
}

@TechReport{OECD2019,
  author = {OECD},
  title  = {{SPHeP-NCDs} documentation},
  year   = {2019},
  url    = {http://oecdpublichealthexplorer.org/ncd-doc/index.html},
}

@Article{Olfert2018,
  author  = {Olfert, Melissa D. and Barr, Makenzie L. and Charlier, Camille M. and Famodu, Oluremi A. and Zhou, Wenjun and Mathews, Anne E. and Byrd-Bredbenner, Carol and Colby, Sarah E.},
  journal = {Int. J. Environ. Res. Public Health},
  title   = {Self-Reported vs. Measured Height, Weight, and {BMI} in Young Adults},
  year    = {2018},
  month   = {oct},
  number  = {10},
  pages   = {2--9},
  volume  = {15},
  doi     = {10.3390/ijerph15102216},
}

@Article{Ordonana2007,
  author  = {Ordo{\~{n}}ana, J. R. and Rebollo-Mesa, Irene and Gonz{\'{a}}lez-Javier, F. and P{\'{e}}rez-Riquelme, F. and Mart{\'{i}}nez-Selva, J. M. and Willemsen, G. and Boomsma, Dorret I.},
  journal = {Twin Res. Hum. Genet.},
  title   = {Heritability of Body Mass Index: A Comparison Between The Netherlands and Spain},
  year    = {2007},
  month   = oct,
  number  = {5},
  pages   = {749--756},
  volume  = {10},
  doi     = {10.1375/twin.10.5.749},
}

@Article{Penman2006,
  author  = {Penman, Alan D. and Johnson, William D.},
  journal = {Prev. Chronic Dis.},
  title   = {The changing shape of the body mass index distribution curve in the population: implications for public health policy to reduce the prevalence of adult obesity},
  year    = {2006},
  month   = jul,
  number  = {3},
  pages   = {1--4},
  volume  = {3},
}

@Article{Picavet2017,
  author  = {Picavet, H. S. J. and Blokstra, Anneke and Spijkerman, Annemieke M. W. and Verschuren, W. M. Monique},
  journal = {Int. J. Epidemiol.},
  title   = {Cohort Profile Update: The {Doetinchem} Cohort Study 1987â€“2017: lifestyle, health and chronic diseases in a life course and ageing perspective},
  year    = {2017},
  month   = dec,
  number  = {6},
  pages   = {1751--1751g},
  volume  = {46},
  doi     = {10.1093/ije/dyx103},
}

@Manual{R2021,
  title        = {R: A Language and Environment for Statistical Computing},
  author       = {{R Core Team}},
  note         = {R version 4.1.1},
  organization = {R Foundation for Statistical Computing},
  year         = {2021},
  url          = {https://www.R-project.org/},
}

@Article{Rigby2005,
  author  = {Rigby, R. A. and Stasinopoulos, D. M.},
  journal = {Appl. Stat.},
  title   = {Generalized additive models for location, scale and shape},
  year    = {2005},
  month   = jun,
  number  = {3},
  pages   = {507--554},
  volume  = {54},
  doi     = {10.1111/j.1467-9876.2005.00510.x},
}

@InBook{Scherpenzeel2010,
  author    = {Scherpenzeel, A. and Das, J. W. M.},
  editor    = {Das, J. W. M. and Ester, P. and Kaczmirek, L.},
  pages     = {77--103},
  publisher = {Taylor \& Francis},
  title     = {'True' longitudinal and probability-based internet panels: Evidence from the Netherlands},
  year      = {2010},
  booktitle = {Social and Behavioral Research and the Internet},
}

@Article{Sonnenberg1993,
  author  = {Sonnenberg, Frank A. and Beck, J. Robert},
  journal = {Med. Decis. Mak.},
  title   = {Markov Models in Medical Decision Making: A Practical Guide},
  year    = {1993},
  month   = dec,
  number  = {4},
  pages   = {322--338},
  volume  = {13},
  doi     = {10.1177/0272989X9301300409},
}

@Article{Stasinopoulos2007,
  author  = {Stasinopoulos, D. Mikis and Rigby, Robert A.},
  journal = {J. Stat. Softw.},
  title   = {Generalized Additive Models for Location Scale and Shape ({GAMLSS}) in R},
  year    = {2007},
  number  = {7},
  pages   = {1--46},
  volume  = {23},
  doi     = {10.18637/jss.v023.i07},
}

@Article{Swinburn2011,
  author  = {Swinburn, Boyd A. and Sacks, Gary and Hall, Kevin D. and McPherson, Klim and Finegood, Diane T. and Moodie, Marjory L. and Gortmaker, Steven L.},
  journal = {Lancet},
  title   = {The global obesity pandemic: shaped by global drivers and local environments},
  year    = {2011},
  month   = aug,
  number  = {9793},
  pages   = {804--814},
  volume  = {378},
  doi     = {10.1016/S0140-6736(11)60813-1},
}

@Article{Sy1997,
  author  = {Sy, J. P. and Taylor, J. M. G. and Cumberland, W. G.},
  journal = {Biometrics},
  title   = {A Stochastic Model for the Analysis of Bivariate Longitudinal {AIDS} Data},
  year    = {1997},
  month   = jun,
  number  = {2},
  pages   = {542--555},
  volume  = {53},
  doi     = {10.2307/2533956},
}

@Misc{TenDam2023,
  author   = {Ten Dam, J. and Bogaardt, L. and Hoekstra, J. and Rodenburg, A. J. and Koffijberg, H. and Boshuizen, H. C. and Hoogeveen, R. T. and Van Giessen, A.},
  title    = {Development of a microsimulation model predicting {BMI} and type 2 diabetes in {The Netherlands}},
  year     = {in press},
  pubstate = {\bibstring{in press}},
}

@Article{tidyverse2019,
  author  = {Hadley Wickham and Mara Averick and Jennifer Bryan and Winston Chang and Lucy D'Agostino McGowan and Romain FranÃ§ois and Garrett Grolemund and Alex Hayes and Lionel Henry and Jim Hester and Max Kuhn and Thomas Lin Pedersen and Evan Miller and Stephan Milton Bache and Kirill MÃ¼ller and Jeroen Ooms and David Robinson and Dana Paige Seidel and Vitalie Spinu and Kohske Takahashi and Davis Vaughan and Claus Wilke and Kara Woo and Hiroaki Yutani},
  journal = {Journal of Open Source Software},
  title   = {Welcome to the {tidyverse}},
  year    = {2019},
  number  = {43},
  pages   = {1686},
  volume  = {4},
  doi     = {10.21105/joss.01686},
}

@Article{Traversy2015,
  author  = {Traversy, Gregory and Chaput, Jean-Philippe},
  journal = {Curr. Obes. Rep.},
  title   = {Alcohol Consumption and Obesity: An Update},
  year    = {2015},
  month   = {mar},
  number  = {1},
  pages   = {122--130},
  volume  = {4},
  doi     = {10.1007/s13679-014-0129-4},
}

@Article{Ulmer2003,
  author  = {Ulmer, Hanno and Kelleher, Cecily and Diem, G{\"{u}}nter and Concin, Hans},
  journal = {Eur. Heart J.},
  title   = {Long-term tracking of cardiovascular risk factors among men and women in a large population-based health system},
  year    = {2003},
  month   = jun,
  number  = {11},
  pages   = {1004--1013},
  volume  = {24},
  doi     = {10.1016/S0195-668X(03)00170-2},
}

@Article{VandeKassteele2012,
  author  = {Van de Kassteele, J. and Hoogenveen, R. T. and Engelfriet, P. M. and van Baal, P. H. M. and Boshuizen, H. C.},
  journal = {Stat. Med.},
  title   = {Estimating net transition probabilities from cross-sectional data with application to risk factors in chronic disease modeling},
  year    = {2012},
  month   = mar,
  number  = {6},
  pages   = {533--543},
  volume  = {31},
  doi     = {10.1002/sim.4423},
}

@Article{VanRinsum2018,
  author  = {Van Rinsum, Celeste and Gerards, Sanne and Rutten, Geert and Philippens, Nicole and Janssen, Ester and Winkens, Bjorn and Van de Goor, Ien and Kremers, Stef},
  journal = {Int. J. Environ. Res. Public Health},
  title   = {The Coaching on Lifestyle ({CooL}) Intervention for Overweight and Obesity: A Longitudinal Study into Participants' Lifestyle Changes},
  year    = {2018},
  month   = {apr},
  number  = {4},
  pages   = {1--27},
  volume  = {15},
  doi     = {10.3390/ijerph15040680},
}

@Book{Verbeke2000,
  author    = {Verbeke, Geert and Molenberghs, Geert},
  publisher = {Springer},
  title     = {Linear Mixed Models for Longitudinal Data},
  year      = {2000},
  doi       = {10.1007/b98969},
}

@Article{Verschuren2008,
  author  = {Verschuren, W. M. M. and Blokstra, A. and Picavet, H. S. J. and Smit, H. A.},
  journal = {Int. J. Epidemiol.},
  title   = {Cohort Profile: The {Doetinchem} Cohort Study},
  year    = {2008},
  month   = dec,
  number  = {6},
  pages   = {1236--1241},
  volume  = {37},
  doi     = {10.1093/ije/dym292},
}

@Manual{vtable2021,
  title  = {vtable: Variable Table for Variable Documentation},
  author = {Nick Huntington-Klein},
  note   = {R package version 1.3.3},
  year   = {2021},
  url    = {https://CRAN.R-project.org/package=vtable},
}

@TechReport{Vuik2021,
  author    = {Vuik, Sabine and Cecchini, Michele},
  title     = {Modelling life trajectories of body-mass index},
  year      = {2021},
  number    = {132},
  booktitle = {OECD Health Working Papers},
  doi       = {10.1787/0425d231-en},
  pages     = {1--29},
}

@TechReport{VWS2018,
  author = {{Ministerie van Volksgezondheid, Welzijn en Sport}},
  title  = {Nationaal preventieakkoord},
  year   = {2018},
  url    = {https://www.rijksoverheid.nl/documenten/convenanten/2018/11/23/nationaal-preventieakkoord},
}

@Misc{VZinfo2021,
  author       = {{VZinfo.nl}},
  howpublished = {\url{https://www.vzinfo.nl/overgewicht}},
  title        = {Overgewicht},
  year         = {2021},
}

@Article{Wilsgaard2001,
  author  = {Wilsgaard, T. and Jacobsen, B. K. and Schirmer, H. and Thune, I. and L{\o}chen, M. L. and Nj{\o}lstad, I. and Arnesen, E.},
  journal = {Am. J. Epidemiol.},
  year    = {2001},
  month   = sep,
  number  = {5},
  pages   = {418--426},
  volume  = {154},
  doi     = {10.1093/aje/154.5.418},
}

@Article{Yamada2020,
  author  = {Yamada, Goro and Castillo-Salgado, Carlos and Jones-Smith, Jessica C. and Moulton, Lawrence H.},
  journal = {Int. J. Epidemiol.},
  title   = {Obesity prediction by modelling {BMI} distributions: application to national survey data from {Mexico}, {Colombia} and {Peru}, 1988â€“2014},
  year    = {2020},
  month   = jun,
  number  = {3},
  pages   = {824--833},
  volume  = {49},
  doi     = {10.1093/ije/dyz195},
}

@Comment{jabref-meta: databaseType:bibtex;}

@Comment{jabref-meta: saveOrderConfig:specified;citationkey;false;author;false;title;false;}
